@article{park2007webpage,
  title={Webpage design optimization using genetic algorithm driven CSS},
  author={Park, Sunyoung},
  year={2007},
  publisher={Digital Repository@ Iowa State University, http://lib. dr. iastate. edu/}
}

@inproceedings{oliver2002interactive,
  title={Interactive Design of Web Sites with a Genetic Algorithm.},
  author={Oliver, Antoine and Monmarch{\'e}, Nicolas and Venturini, Gilles},
  booktitle={ICWI},
  pages={355--362},
  year={2002}
}

@inproceedings{sorn2013web,
  title={Web page template design using interactive genetic algorithm},
  author={Sorn, Davy and Rimcharoen, Sunisa},
  booktitle={Computer Science and Engineering Conference (ICSEC), 2013 International},
  pages={201--206},
  year={2013},
  organization={IEEE}
}

@incollection{tamburrelli2014towards,
  title={Towards Automated A/B Testing},
  author={Tamburrelli, Giordano and Margara, Alessandro},
  booktitle={Search-Based Software Engineering},
  pages={184--198},
  year={2014},
  publisher={Springer}
}

@article{milani2004online,
  title={Online genetic algorithms},
  author={Milani, Alfredo},
  year={2004},
  publisher={Institute of Information Theories and Applications FOI ITHEA}
}

@article{takagi2001interactive,
  title={Interactive evolutionary computation: Fusion of the capabilities of EC optimization and human evaluation},
  author={Takagi, Hideyuki},
  journal={Proceedings of the IEEE},
  volume={89},
  number={9},
  pages={1275--1296},
  year={2001},
  publisher={IEEE}
}

@inproceedings{kohavi2007practical,
  title={Practical guide to controlled experiments on the web: listen to your customers not to the hippo},
  author={Kohavi, Ron and Henne, Randal M and Sommerfield, Dan},
  booktitle={Proceedings of the 13th ACM SIGKDD international conference on Knowledge discovery and data mining},
  pages={959--967},
  year={2007},
  organization={ACM}
}
@misc{abtestwired,
    title = {{The A/B Test: Inside the Technology That’s Changing the Rules of Business}},
    url = {http://www.wired.com/2012/04/ff\_abtesting},
    year = {2012}, 
    note = "[Accessed on 26-march-2016]"
}
@misc{abtestbad,
    title = {{The Disadvantages of A/B Testing}},
    url = {https://zuupy.wordpress.com/2011/06/18/the-disadvantages-of-ab-testing/},
    year = {2011}, 
    note = "[Accessed on 27-march-2016]"
}

@inproceedings{crook2009seven,
  title={Seven pitfalls to avoid when running controlled experiments on the web},
  author={Crook, Thomas and Frasca, Brian and Kohavi, Ron and Longbotham, Roger},
  booktitle={Proceedings of the 15th ACM SIGKDD international conference on Knowledge discovery and data mining},
  pages={1105--1114},
  year={2009},
  organization={ACM}
}

@article{gelman2005analysis,
  title={Analysis of variance—why it is more important than ever},
  author={Gelman, Andrew and others},
  journal={The Annals of Statistics},
  volume={33},
  number={1},
  pages={1--53},
  year={2005},
  publisher={Institute of Mathematical Statistics}
}

@inproceedings{kohavi2013online,
  title={Online controlled experiments at large scale},
  author={Kohavi, Ron and Deng, Alex and Frasca, Brian and Walker, Toby and Xu, Ya and Pohlmann, Nils},
  booktitle={Proceedings of the 19th ACM SIGKDD international conference on Knowledge discovery and data mining},
  pages={1168--1176},
  year={2013},
  organization={ACM}
}

@misc{diff,
    title = {{Three Key Differences Between A/B-Testing and Multivariate-Testing}},
    url = {
http://www.marketingprofs.com/articles/2015/28954/three-key-differences-between-ab-testing-and-multivariate-testing},
    year = {December 2015}, 
    note = "[Accessed on 12-april-2016]"
}

@misc{amazon,
    title = {{Front Line Internet Analytics at Amazon.com }},
    author={Ronny Kohavi and Matt Round},
    url = {
http://ai.stanford.edu/~ronnyk/emetricsAmazon.pdf},
    year = {2004}, 
    note = "[Accessed on 12-april-2016]"
}

@inproceedings{google,
  title={Overlapping experiment infrastructure: More, better, faster experimentation},
  author={Tang, Diane and Agarwal, Ashish and O'Brien, Deirdre and Meyer, Mike},
  booktitle={Proceedings of the 16th ACM SIGKDD international conference on Knowledge discovery and data mining},
  pages={17--26},
  year={2010},
  organization={ACM}
}

@misc{netflix,
    title = {{Netflix Recommendations: Beyond the 5 stars }},
    author={Xavier Amatriain and Justin Basilico},
    url = {
http://techblog.netflix.com/2012/06/netflix-recommendations-beyond-5-stars.html},
    year = {2012}, 
    note = "[Accessed on 12-april-2016]"
}

@inproceedings{linkedin,
  title={From Infrastructure to Culture: A/B Testing Challenges in Large Scale Social Networks},
  author={Xu, Ya and Chen, Nanyu and Fernandez, Addrian and Sinno, Omar and Bhasin, Anmol},
  booktitle={Proceedings of the 21th ACM SIGKDD International Conference on Knowledge Discovery and Data Mining},
  pages={2227--2236},
  year={2015},
  organization={ACM}
}

@article{microsoft,
  title={Online experimentation at Microsoft},
  author={Kohavi, Ronny and Crook, Thomas and Longbotham, Roger and Frasca, Brian and Henne, Randy and Ferres, Juan Lavista and Melamed, Tamir},
  journal={Data Mining Case Studies},
  pages={11},
  year={2009}
}
@article{ebay,
  title={Optimization strategies for A/B testing on HADOOP},
  author={Cherniak, Andrii and Zaidi, Huma and Zadorozhny, Vladimir},
  journal={Proceedings of the VLDB Endowment},
  volume={6},
  number={11},
  pages={973--984},
  year={2013},
  publisher={VLDB Endowment}
}

@misc{groupon,
    title = {{Asynchronous Personalization at Groupon }},
    author={Jon Pliske},
    url = {
http://www.slideshare.net/jonpliske/asynchronous-personalization-at-groupon-jsconf-2011},
    year = {2011}, 
    note = "[Accessed on 12-april-2016]"
}

@article{facebook,
  title={Experimental evidence of massive-scale emotional contagion through social networks},
  author={Kramer, Adam DI and Guillory, Jamie E and Hancock, Jeffrey T},
  journal={Proceedings of the National Academy of Sciences},
  volume={111},
  number={24},
  pages={8788--8790},
  year={2014},
  publisher={National Acad Sciences}
}


@misc{genetifyquote,
    title = {{Genetic A/B Testing with JavaScript}},
    author={Jon Resig},
    url = {
http://ejohn.org/blog/genetic-ab-testing-with-javascript/1},
    year = {2009}, 
    note = "[Accessed on 12-april-2016]"
}

@misc{genetify,
    title = {{Genetify}},
    author={Greg Dingle},
    url = {
https://github.com/gregdingle/genetify/wiki},
    year = {2009}, 
    note = "[Accessed on 12-april-2016]"
}




@misc{numwebsites,
    title = {{Total number of Websites}},
    author={{Internet Live Stats}},
    url = {
http://www.internetlivestats.com/total-number-of-websites/},
    year = {2016}, 
    note = "[Accessed on 18-july-2016]"
}

@book{westfall1993resampling,
  title={Resampling-based multiple testing: Examples and methods for p-value adjustment},
  author={Westfall, Peter H and Young, S Stanley},
  volume={279},
  year={1993},
  publisher={John Wiley \& Sons}
}

@book{chow2007sample,
  title={Sample size calculations in clinical research},
  author={Chow, Shein-Chung and Wang, Hansheng and Shao, Jun},
  year={2007},
  publisher={CRC press}
}

@misc{evenses,
    title = {{Evenses: Entertainment voor elke gelegenheid}},
    author={{Evenses}},
    url = {https://www.evenses.com},
    note = "[Accessed on 18-july-2016]"
}

@article{kohavi2009controlled,
  title={Controlled experiments on the web: survey and practical guide},
  author={Kohavi, Ron and Longbotham, Roger and Sommerfield, Dan and Henne, Randal M},
  journal={Data mining and knowledge discovery},
  volume={18},
  number={1},
  pages={140--181},
  year={2009},
  publisher={Springer}
}

@book{russell2003artificial,
  title={Artificial intelligence: a modern approach},
  author={Russell, Stuart Jonathan and Norvig, Peter and Canny, John F and Malik, Jitendra M and Edwards, Douglas D},
  volume={2},
  year={2003},
  publisher={Prentice hall Upper Saddle River}
}

@book{mitchell1998introduction,
  title={An introduction to genetic algorithms},
  author={Mitchell, Melanie},
  year={1998},
  publisher={MIT press}
}



@article{leavitt2006research,
  title={Research-based web design \& usability guidelines},
  author={Leavitt, Michael O and Shneiderman, Ben},
  journal={US Department of Health and Human Services},
  year={2006}
}

@book{thatcher2002constructing,
  title={Constructing accessible web sites},
  author={Thatcher, Jim and Waddell, Cynthia and Burks, Michael},
  volume={34},
  year={2002},
  publisher={Glasshaus Birmingham}
}


@inproceedings{iitsuka2015website,
  title={Website Optimization Problem and Its Solutions},
  author={Iitsuka, Shuhei and Matsuo, Yutaka},
  booktitle={Proceedings of the 21th ACM SIGKDD International Conference on Knowledge Discovery and Data Mining},
  pages={447--456},
  year={2015},
  organization={ACM}
}

@article{muller1989statistical,
  title={Statistical power analysis for the behavioral sciences},
  author={Muller, Keith},
  journal={Technometrics},
  volume={31},
  number={4},
  pages={499--500},
  year={1989},
  publisher={Taylor \& Francis Group}
}

@misc{mvt,
    title = {{Multivariate Testing 101: A Scientific Method Of Optimizing Design}},
    author={Paras Chopra},
    url = {https://www.smashingmagazine.com/2011/04/multivariate-testing-101-a-scientific-method-of-optimizing-design/},
    year={2011},
    note = "[Accessed on 30-july-2016]"
}

@misc{cta,
    title = {{[How To] Write a Call-to-Action that Converts – With Case Studies}},
    author={Michael Aagaard },
    url = {http://unbounce.com/conversion-rate-optimization/how-to-write-a-call-to-action-that-converts-with-case-sudies/},
    year={2012},
    note = "[Accessed on 30-august-2016]"
}

@book{michalski2013machine,
  title={Machine learning: An artificial intelligence approach},
  author={Michalski, Ryszard S and Carbonell, Jaime G and Mitchell, Tom M},
  year={2013},
  publisher={Springer Science \& Business Media}
}


@article{brown2001interval,
  title={Interval estimation for a binomial proportion},
  author={Brown, Lawrence D and Cai, T Tony and DasGupta, Anirban},
  journal={Statistical science},
  pages={101--117},
  year={2001},
  publisher={JSTOR}
}

@incollection{miller2013analysis,
  title={Analysis of variance},
  author={Miller, William},
  booktitle={Statistics and Measurement Concepts with OpenStat},
  pages={111--157},
  year={2013},
  publisher={Springer}
}